@ARTICLE{grawsec,
    author={G. {McGraw}},
    journal={IEEE Security Privacy},
    title={Software security},
    year={2004},
    volume={2},
    number={2},
    pages={80-83},
    keywords={software reliability;computer crime;software quality;Internet;risk management;software security;malicious attack;best practices;computer security problem;software defects;security ramifications;implementation bugs;buffer overflows;design flaws;inconsistent error handling;malicious intruders;Internet-enabled software applications;security risk;security holes;Best practices;Computer security;Computer bugs;Buffer overflow;Computer errors;Computer hacking;Software systems;Internet;Application software;Fuels},
    doi={10.1109/MSECP.2004.1281254},
    ISSN={1558-4046},
    month={3},}

@ARTICLE{thompsonsectest,
    author={H. H. {Thompson}},
    journal={IEEE Security Privacy},
    title={Why security testing is hard},
    year={2003},
    volume={1},
    number={4},
    pages={83-86},
    keywords={security of data;program testing;program debugging;security testing;software testing;software tools;bugs;Computer bugs;Application software;Automatic testing;Vehicle crash testing;Data security;System testing;Computer security;Privacy;Performance evaluation;Writing},
    doi={10.1109/MSECP.2003.1219078},
    ISSN={1558-4046},
    month={7},}

@ARTICLE{grawsectest,
    author={B. {Potter} and G. {McGraw}},
    journal={IEEE Security Privacy},
    title={Software security testing},
    year={2004},
    volume={2},
    number={5},
    pages={81-85},
    keywords={program testing;security of data;risk analysis;software security testing;risk-based approaches;system architecture;attacker mindset;Software testing;Computer security;Performance evaluation;Software performance;Risk analysis;Computer errors;Data security;Timing;Risk management;System testing;software development cycle;black-box testing},
    doi={10.1109/MSP.2004.84},
    ISSN={1558-4046},
    month={9},}

@article{websecchal,
    author = {Jaiswal, Arunima and Raj, Gaurav and Singh, Dheerendra},
    year = {2014},
    month = {1},
    pages = {},
    title = {Security Testing of Web Applications: Issues and Challenges},
    volume = {88},
    journal = {International Journal of Computer Applications},
    doi = {10.5120/15334-3667}
}

@book{fowler_dsl,
    place={Upper Saddle River, NJ},
    title={Domain-specific languages},
    publisher={Addison-Wesley},
    author={Fowler, Martin and Parsons, Rebecca},
    year={2011}}

@online{dan_bdd,
    title={Introducing BDD},
    url={https://dannorth.net/introducing-bdd/},
    journal={Dan North & Associates}, author={North, Dan}, year={2017}, month={2}}

@book{cucumber_book, place={Dallas, TX}, title={The cucumber book: behaviour-driven development for testers and developers}, publisher={Pragmatic Bookshelf}, author={Wynne, Matt and Helles√∏y, Aslak}, year={2012}}

@online{bdd_simple, title={Behavior-Driven Development: Simplifying the Complex Problem Space}, url={https://www.solutionsiq.com/resource/blog-post/behavior-driven-development-simplifying-the-complex-problem-space/}, journal={SolutionsIQ}, author={Tharayil, Ranjith}, year={2018}, month={4}}

@INPROCEEDINGS{bdd_char,
    author={C. {Solis} and X. {Wang}},
    booktitle={2011 37th EUROMICRO Conference on Software Engineering and Advanced Applications},
    title={A Study of the Characteristics of Behaviour Driven Development},
    year={2011},
    volume={},
    number={},
    pages={383-387},
    keywords={software prototyping;behaviour driven development;agile development approach;BDD approach;BDD characteristics;Data structures;Boolean functions;Business;Software;Testing;Context;Programming;Behaviour Driven Development;Test Driven Development;Ubiquitous Language;Automated Acceptance Testing},
    doi={10.1109/SEAA.2011.76},
    ISSN={2376-9505},
    month={8},}

@online{ble_cwe, title={CWE-840: Business Logic Error},
    url={https://cwe.mitre.org/data/definitions/840.html}, journal={CWE},
    author={CWE}, year={2019}, month={6}}

@online{owasp_ble,
    title={Testing for business logic},
    url={https://www.owasp.org/index.php/Testing_for_business_logic},
    journal={Testing for business logic},
    author={OWASP},
    year={2019},
    month={12}
}